<record><leader>00000cas a22000007a 4500</leader><controlfield tag="001">38159196</controlfield><controlfield tag="008">980106d197619uuncuwr ne      0    0eng d</controlfield><datafield ind1=" " ind2=" " tag="010"><subfield code="a">sn 97064589 </subfield></datafield><datafield ind1=" " ind2=" " tag="040"><subfield code="a">NVJ</subfield><subfield code="b">eng</subfield><subfield code="c">NVJ</subfield><subfield code="d">OCLCQ</subfield></datafield><datafield ind1=" " ind2=" " tag="042"><subfield code="a">msc</subfield></datafield><datafield ind1="0" ind2="4" tag="245"><subfield code="a">The city-county newspaper.</subfield></datafield><datafield ind1=" " ind2=" " tag="260"><subfield code="a">Burlington, N.C. :</subfield><subfield code="b">Fourth Estate, Inc.</subfield></datafield><datafield ind1=" " ind2=" " tag="300"><subfield code="a">v.</subfield></datafield><datafield ind1=" " ind2=" " tag="310"><subfield code="a">Weekly</subfield></datafield><datafield ind1="0" ind2=" " tag="362"><subfield code="a">Oct. 9, 1976-Dec. 11, 1976 ; no. 11 (Dec. 18, 1976)-no. 449 (June 25, 1983) ; v. 7, no. 27 (July 9, 1983)-</subfield></datafield><datafield ind1=" " ind2=" " tag="500"><subfield code="a">Format eventually changed, and it became the City-county magazine. Last available issue as a newspaper was Mar. 16, 1985.</subfield></datafield><datafield ind1=" " ind2=" " tag="515"><subfield code="a">Numbering appears in publisher's statement only.</subfield></datafield><datafield ind1=" " ind2=" " tag="752"><subfield code="a">United States</subfield><subfield code="b">North Carolina</subfield><subfield code="c">Alamance</subfield><subfield code="d">Burlington.</subfield></datafield><datafield ind1="1" ind2="0" tag="785"><subfield code="t">City-county magazine</subfield><subfield code="w">(DLC)sn 93003125</subfield></datafield></record>